discrete.bib

http://www.math.cmu.edu/~mradclif/teaching/228F16/Kuratowski.pdf

https://www.ocr.org.uk/Images/308752-specification-accredited-a-level-gce-further-mathematics-a-h245.pdf 